@article{heggie2005classical,
  title={The classical gravitational N-body problem},
  author={Heggie, Douglas C},
  journal={arXiv preprint astro-ph/0503600},
  year={2005},
  url={https://arxiv.org/abs/astro-ph/0503600},
  note={Accessed: 08-08-2025}
}
